@Article{eskina,
author = {Еськова Н.А},
title = {Словарь трудностей русского языка. Ударение. Грамматические формы.},
journal = {М.: Языки славянской культуры},
year = {2014},
}
@Article{dou,
	author = {Qing Dou and Shane Bergsma and Sittichai Jiampojamarn and Grzegorz Kondrak},
	title = {A ranking approach to stress prediction for letter-to-phoneme	conversion.},
	journal = {Proceedings of the Joint Conference of the 47th Annual Meeting of the ACL and the 4th International Joint Conference on Natural Language Processing of the AFNLP, 118–126, Suntec, Singapore},
	year = {2009},
}
@Article {church,
	author = {Kenneth Church},
	title = {Stress assignment in letter to sound rules for speech synthesis.},
	journal = {Association for Computational Linguistics, 246–253},
	year = {1985},
}
@Article {williams,
	author = {Briony Williams},
	title = {Word stress assignment in a text-to-speech synthesis system for British English.},
	journal = {Computer Speech and Language, 2:235–272},
	year = {1987},
}
@Article{halle,
	author = {Morris Halle},
	title = {On stress and accent in IndoEuropean.},
	journal = {Language},
	year = {1997},
}
@Article {hall,
	author = {Keith Hall and Richard Sproat},
	title = {Russian Stress Prediction using Maximum Entropy Ranking.},
	journal = {Proceedings of the 2013 Conference on Empirical Methods in Natural Language Processing, 879–883, Seattle, Washington, USA},
	year = {2013},
}
@Article {collins,
	author = {Michael Collins and Terry Koo},
	title = {Discriminative reranking for natural language parsing.},
	journal = {Computational Linguistics, 31:25–69},
	year = {2005},
}
@Article{zaliz,
	author = {Зализняк А. А.},
	title = {Грамматический словарь русского языка.},
	journal = {М.: Русский язык},
	year = {1977},
}
@Article {koskenniemi,
	author = {Kimmo Koskenniemi},
	title = {Two-level morphology: A general computational model for word-form recognition and production.},
	journal = {Technical report, University of Helsinki, Department of General Linguistics},
	year = {1983},
}
@Article {karttunen,
	author = {Kenneth R. Beesley and Lauri Karttunen},
	title = {Finite State Morphology: Xerox tools and techniques.},
	journal = {CSLI Publications, Stanford},
	year = {2003},
}
@Article {karlsson,
	author = {Fred Karlsson},
	title = {Constraint grammar as a framework for parsing running text.},
	journal = {Proceedings of the 13th Conference on Computational Linguistics (COLING), 3:168–173, Helsinki, Finland},
	year = {1983},
}
@Article {lavitskaya,
	author = {Yulia Lavitskaya and Baris Kabak},
	title = {Phonological default in the lexical stress system of Russian: Evidence from noun declension.},
	journal = {Lingua},
	year = {2014},
}
@Article {grishina,
	author = {Гришина Е. А.},
	title = {Корпус «История русского ударения» // Национальный корпус русского языка: 2006—2008. Новые результаты и перспективы.},
	journal = {СПб.: Нестор-История},
	year = {2009},
}
@Article {reynolds,
	author = {Robert Reynolds and Francis Tyers},
	title = {Automatic word stress annotation of russian unrestricted text.},
	journal = {Proceedings of the 20th Nordic Conference of Computational Linguistics (NODALIDA 2015). Linkoping University Electronic Press, Sweden, Vilnius, Lithuania},
	year = {2015},
}
@Article {ponomareva,
	author = {Maria Ponomareva and	Kirill Milintsevich and	Ekaterina Chernyak	and Anatoly Starostin},
	title = {Automated Word Stress Detection in Russian.},
	journal = {Proceedings of the First Workshop on Subword and Character Level Models in NLP, 31–35, Copenhagen, Denmark},
	year = {2017},
}
@Article {litnevskaya,
	author = {Литневская Е. И.},
	title = {Русский язык: краткий теоретический курс для школьников.},
	journal = {М.:МГУ},
	year = {2006},
}
@Article {bahdanau,
	author = {Dzmitry Bahdanau and KyungHyun Cho and Yoshua Bengio},
	title = {Neural Machine Translation by Jointly Learning to Align and Translate.},
	journal = {Conference paper at ICLR 2015},
	year = {2014},
}
@Article {sennrich,
	author = {Rico Sennrich and Barry Haddow and Alexandra Birch},
	title = {Neural Machine Translation of Rare Words with Subword Units.},
	journal = {Proceedings of the 54th Annual Meeting of the Association for Computational Linguistics, 1715–1725, Berlin, Germany},
	year = {2016},
}
@Article{shen,
	author    = {Yanyao Shen and
	Hyokun Yun and
	Zachary C. Lipton and
	Yakov Kronrod and
	Animashree Anandkumar},
	title     = {Deep Active Learning for Named Entity Recognition},
	journal   = {Conference paper at ICLR 2018},
	year      = {2017},
}